<record><leader>00000cas a2200000 a 4500</leader><controlfield tag="001">12847629</controlfield><controlfield tag="008">851126d183u1848msuwr ne      0    0eng c</controlfield><datafield ind1=" " ind2=" " tag="010"><subfield code="a">sn 85038596 </subfield></datafield><datafield ind1=" " ind2=" " tag="040"><subfield code="a">NPY</subfield><subfield code="b">eng</subfield><subfield code="c">NPY</subfield><subfield code="d">NPA</subfield><subfield code="d">PPM</subfield><subfield code="d">MSJ</subfield><subfield code="d">ANU</subfield><subfield code="d">CRL</subfield><subfield code="d">CNW</subfield><subfield code="d">FUG</subfield><subfield code="d">OCL</subfield><subfield code="d">OCLCQ</subfield><subfield code="d">CUI</subfield><subfield code="d">OCLCQ</subfield><subfield code="d">OCLCF</subfield></datafield><datafield ind1="1" ind2=" " tag="029"><subfield code="a">AU@</subfield><subfield code="b">000020125437</subfield></datafield><datafield ind1=" " ind2=" " tag="042"><subfield code="a">pcc</subfield></datafield><datafield ind1=" " ind2=" " tag="043"><subfield code="a">n-us-ms</subfield></datafield><datafield ind1=" " ind2="4" tag="050"><subfield code="a">AN</subfield></datafield><datafield ind1="0" ind2="0" tag="245"><subfield code="a">Weekly courier &amp; journal.</subfield></datafield><datafield ind1="3" ind2="0" tag="246"><subfield code="a">Weekly courier and journal</subfield></datafield><datafield ind1=" " ind2=" " tag="260"><subfield code="a">Natchez, Miss. :</subfield><subfield code="b">Sam'l H.B. Black,</subfield><subfield code="c">-1848.</subfield></datafield><datafield ind1=" " ind2=" " tag="300"><subfield code="a">v. ;</subfield><subfield code="c">60-65 cm.</subfield></datafield><datafield ind1=" " ind2=" " tag="310"><subfield code="a">Weekly</subfield></datafield><datafield ind1="0" ind2=" " tag="362"><subfield code="a">-v. 19, no. 40 (Sept. 27, 1848).</subfield></datafield><datafield ind1=" " ind2=" " tag="500"><subfield code="a">Published as: Weekly courier and journal, Apr. 7, 1837-</subfield></datafield><datafield ind1=" " ind2=" " tag="500"><subfield code="a">Publisher: Black, &lt;Jan. 6, 1837-Jan. 22, 1840&gt;; John M. Duffield, Jan. 29, 1840-&lt;Sept. 1840&gt;.</subfield></datafield><datafield ind1=" " ind2=" " tag="580"><subfield code="a">Semiweekly ed.: Semi-weekly Natchez courier.</subfield></datafield><datafield ind1=" " ind2=" " tag="580"><subfield code="a">Also published in a daily ed. called: Natchez daily courier. (Natchez, Miss. : 1836).</subfield></datafield><datafield ind1=" " ind2=" " tag="588"><subfield code="a">Description based on: Vol. 8, no. 1 (Jan. 6, 1837).</subfield></datafield><datafield ind1=" " ind2="0" tag="651"><subfield code="a">Natchez (Miss.)</subfield><subfield code="v">Newspapers.</subfield></datafield><datafield ind1=" " ind2="0" tag="651"><subfield code="a">Adams County (Miss.)</subfield><subfield code="v">Newspapers.</subfield></datafield><datafield ind1=" " ind2="7" tag="655"><subfield code="a">Newspapers.</subfield><subfield code="2">fast</subfield><subfield code="0">(OCoLC)fst01423814</subfield></datafield><datafield ind1=" " ind2="7" tag="651"><subfield code="a">Mississippi</subfield><subfield code="z">Adams County.</subfield><subfield code="2">fast</subfield><subfield code="0">(OCoLC)fst01214708</subfield></datafield><datafield ind1=" " ind2="7" tag="651"><subfield code="a">Mississippi</subfield><subfield code="z">Natchez.</subfield><subfield code="2">fast</subfield><subfield code="0">(OCoLC)fst01204961</subfield></datafield><datafield ind1=" " ind2=" " tag="752"><subfield code="a">United States</subfield><subfield code="b">Mississippi</subfield><subfield code="c">Adams</subfield><subfield code="d">Natchez.</subfield></datafield><datafield ind1="1" ind2=" " tag="775"><subfield code="t">Natchez daily courier (Natchez, Miss. : 1836)</subfield><subfield code="w">(DLC)sn 83016913</subfield><subfield code="w">(OCoLC)10204346</subfield></datafield><datafield ind1="1" ind2=" " tag="775"><subfield code="t">Semi-weekly Natchez courier</subfield><subfield code="w">(DLC)sn 85038599</subfield><subfield code="w">(OCoLC)12847681</subfield></datafield><datafield ind1="0" ind2=" " tag="775"><subfield code="t">Tri-weekly courier (Natchez, Miss.)</subfield><subfield code="w">(DLC)sn 93053866</subfield><subfield code="w">(OCoLC)27774458</subfield></datafield><datafield ind1="0" ind2="0" tag="780"><subfield code="t">Courier &amp; journal (Natchez, Miss.)</subfield><subfield code="w">(DLC)sn 87090182</subfield><subfield code="w">(OCoLC)15477696</subfield></datafield><datafield ind1="0" ind2="0" tag="785"><subfield code="t">Natchez weekly courier</subfield><subfield code="w">(DLC)sn 84020130</subfield><subfield code="w">(OCoLC)2251263</subfield></datafield></record>